<record><leader>00000cas a2200000 a 4500</leader><controlfield tag="001">12326881</controlfield><controlfield tag="008">850731d18721907miudn ne      0    0eng c</controlfield><datafield ind1=" " ind2=" " tag="010"><subfield code="a">sn 85026656 </subfield></datafield><datafield ind1=" " ind2=" " tag="040"><subfield code="a">NPX</subfield><subfield code="b">eng</subfield><subfield code="c">NPX</subfield><subfield code="d">MHN</subfield><subfield code="d">OCL</subfield><subfield code="d">OCLCQ</subfield><subfield code="d">OCLCF</subfield><subfield code="d">OCLCO</subfield></datafield><datafield ind1=" " ind2=" " tag="042"><subfield code="a">pcc</subfield></datafield><datafield ind1=" " ind2=" " tag="043"><subfield code="a">n-us-mi</subfield></datafield><datafield ind1="0" ind2=" " tag="130"><subfield code="a">Battle Creek daily journal (Battle Creek, Mich. : 1872)</subfield></datafield><datafield ind1="1" ind2="0" tag="245"><subfield code="a">Battle Creek daily journal.</subfield></datafield><datafield ind1="1" ind2="7" tag="246"><subfield code="a">Daily journal</subfield></datafield><datafield ind1="1" ind2="7" tag="246"><subfield code="a">Battle Creek journal</subfield></datafield><datafield ind1=" " ind2=" " tag="260"><subfield code="a">Battle Creek, Mich. :</subfield><subfield code="b">Geo. Willard &amp; Co.</subfield></datafield><datafield ind1=" " ind2=" " tag="300"><subfield code="a">v.</subfield></datafield><datafield ind1=" " ind2=" " tag="310"><subfield code="a">Daily (except Sun.),</subfield><subfield code="b">Dec. 9, 1872-Sept. 17, 1907</subfield></datafield><datafield ind1=" " ind2=" " tag="321"><subfield code="a">Daily (except Sun.),</subfield><subfield code="b">July 2, 1872-Aug. 10,1872</subfield></datafield><datafield ind1=" " ind2=" " tag="321"><subfield code="a">Daily (except Mon.),</subfield><subfield code="b">Aug. 11, 1872-Dec. 8, 1872</subfield></datafield><datafield ind1="0" ind2=" " tag="362"><subfield code="a">Vol. 1, no. 1 (July 2, 1872)-Sept. 17, 1907.</subfield></datafield><datafield ind1=" " ind2=" " tag="500"><subfield code="a">Issue called: Souvenir ed., Aug. 16, 1894.</subfield></datafield><datafield ind1=" " ind2=" " tag="515"><subfield code="a">Volume numbering designation stopped Feb. 25, 1897.</subfield></datafield><datafield ind1=" " ind2=" " tag="580"><subfield code="a">Weekly ed.: Battle Creek journal (Battle Creek, Mich. : 1854).</subfield></datafield><datafield ind1=" " ind2="0" tag="651"><subfield code="a">Battle Creek (Mich.)</subfield><subfield code="v">Newspapers.</subfield></datafield><datafield ind1=" " ind2="0" tag="651"><subfield code="a">Calhoun County (Mich.)</subfield><subfield code="v">Newspapers.</subfield></datafield><datafield ind1=" " ind2="7" tag="655"><subfield code="a">Newspapers.</subfield><subfield code="2">fast</subfield><subfield code="0">(OCoLC)fst01423814</subfield></datafield><datafield ind1=" " ind2="7" tag="651"><subfield code="a">Michigan</subfield><subfield code="z">Battle Creek.</subfield><subfield code="2">fast</subfield><subfield code="0">(OCoLC)fst01218610</subfield></datafield><datafield ind1=" " ind2="7" tag="651"><subfield code="a">Michigan</subfield><subfield code="z">Calhoun County.</subfield><subfield code="2">fast</subfield><subfield code="0">(OCoLC)fst01214761</subfield></datafield><datafield ind1=" " ind2=" " tag="752"><subfield code="a">United States</subfield><subfield code="b">Michigan</subfield><subfield code="c">Calhoun</subfield><subfield code="d">Battle Creek.</subfield></datafield><datafield ind1="1" ind2=" " tag="775"><subfield code="t">Battle Creek journal (Battle Creek, Mich. : 1854)</subfield><subfield code="w">(DLC)sn 96076587</subfield><subfield code="w">(OCoLC)34647931</subfield></datafield><datafield ind1="0" ind2="0" tag="785"><subfield code="t">Battle Creek journal (Battle Creek, Mich. : 1907)</subfield><subfield code="w">(DLC)sn 96076583</subfield><subfield code="w">(OCoLC)34674100</subfield></datafield></record>